@inCollection{Dum:Bei,
  author={{Dummmy}},
  title={Beispiel},
  booktitle={Beispiel-Buch},
  publisher={Institut der Beispiele},
  year={2020},
  edition={1},
  address={Musterhausen, Deutschland},
  urldate={2020-02-28},
  url={ http://www.beispiel.de }
}